% Encoding: UTF-8

@Article{Berners-Lee01,
  author  = {Tim Berners-Lee},
  title   = {The Semantic Web},
  journal = {Scientific American, Inc.},
  year    = {2001},
  url     = {http://www.mondotheque.be/wiki/images/d/d2/Tim_Berners-Lee_James_Hendler_Ora_Lassila_The_Semantic_Web.pdf},
}

@Comment{jabref-meta: databaseType:bibtex;}
